@ARTICLE{SleatorTemperly91,
   author      = {Sleator, Daniel and Temperley, Davy},
   title       = "Parsing English with a Link Grammar",
   journal     = "Carnegie Mellon University Computer Science technical report",
   url         = "http://www.cs.cmu.edu/afs/cs.cmu.edu/project/link/pub/www/papers/ps/tr91-196.pdf",
   year        = "1991", 
}

% Thesis for Zimpl.
@PHDTHESIS{Koch2004,
   author      = "Thorsten Koch",
   title       = "Rapid Mathematical Programming",
   school      = "Technische {Universit\"at} Berlin",
   year        = "2004",
   url         = "http://opus4.kobv.de/opus4-zib/frontdoor/index/index/docId/834",
   note        = "ZIB-Report 04-58",
}   

@article{achterberg2009scip,
  title={SCIP: Solving Constraint Integer Programs},
  author={Achterberg, Tobias},
  journal={Mathematical Programming Computation},
  volume={1},
  number={1},
  pages={1--41},
  year={2009},
  publisher={Springer}
}

@article{gomezrodriguez-nivre-2013,
  author = {Carlos G\'{o}mez-Rodr\'{i}guez and Joakim Nivre},
  title = {Divisible Transition Systems and Multiplanar Dependency Parsing},
  journal = {Computational Linguistics},
  number = 4,
  pages = {799--845},
  volume = 39,
  year = 2013
}

@InProceedings{sagae-tsujii-2008,
  author    = {Kenji Sagae and Jun'ichi Tsujii},
  title     = {Shift-Reduce Dependency {DAG} Parsing},
  booktitle = {Proceedings of the 22nd International Conference on Computational Linguistics (COLING 2008)},
  month     = {August},
  year      = {2008},
  address   = {Manchester, UK},
  pages     = {753--760}
}

@InProceedings{kromann-2003,
  author = 	 {M. T. Kromann},
  title = 	 {The {Danish} Dependency Treebank and the underlying linguistic theory},
  booktitle = 	 TLT2,
  year =	 2003,
  author = 	 {Matthias T. Kromann},
  editor =       {Joakim Nivre and Erhard Hinrichs},
  institution =  {V{\"a}xj{\"o} University Press},
}

@PhdThesis{buchkromann-2006,
  author =       {Matthias Buch-Kromann},
  title =        {Discontinuous Grammar. A Model of Human Parsing and Language},
  school =       {Copenhagen Business School},
  year =         2006,
  type =         {Dr.ling.merc. dissertation},
  url =          {http://www.id.cbs.dk/~mtk/thesis}
}

@InProceedings{mcdonald-pereira-2006,
  author = 	 {Ryan McDonald and Fernando Pereira},
  title = 	 {Online Learning of Approximate Dependency Parsing Algorithms},
  booktitle = 	 {Proceedings of EACL},
  year = 	 2006,
  pages = 	 {81--88}}

