@ARTICLE{SleatorTemperly91,
  author      = {Sleator, Daniel and Temperley, Davy},
  title       = "Parsing English with a Link Grammar",
  journal     = "Carnegie Mellon University Computer Science technical report",
  url         = "http://www.cs.cmu.edu/afs/cs.cmu.edu/project/link/pub/www/papers/ps/tr91-196.pdf",
  year        = "1991", 
}

% Thesis for Zimpl.
@PHDTHESIS{Koch2004,
  author      = "Thorsten Koch",
  title       = "Rapid Mathematical Programming",
  school      = "Technische {Universit\"at} Berlin",
  year        = "2004",
  url         = "http://opus4.kobv.de/opus4-zib/frontdoor/index/index/docId/834",
  note        = "ZIB-Report 04-58",
}   

% SCIP Optimization suite
@article{achterberg2009scip,
  title       = {SCIP: Solving Constraint Integer Programs},
  author      = {Achterberg, Tobias},
  journal     = {Mathematical Programming Computation},
  volume      = {1},
  number      = {1},
  pages       = {1--41},
  year        = {2009},
  publisher   = {Springer}
}

@article{gomezrodriguez-nivre-2013,
  author      = {Carlos G\'{o}mez-Rodr\'{i}guez and Joakim Nivre},
  title       = {Divisible Transition Systems and Multiplanar Dependency Parsing},
  journal     = {Computational Linguistics},
  number      = 4,
  pages       = {799--845},
  volume      = 39,
  year        = 2013
}

@InProceedings{sagae-tsujii-2008,
  author      = {Kenji Sagae and Jun'ichi Tsujii},
  title       = {Shift-Reduce Dependency {DAG} Parsing},
  booktitle   = {Proceedings of the 22nd International Conference on Computational Linguistics (COLING 2008)},
  month       = {August},
  year        = {2008},
  address     = {Manchester, UK},
  pages       = {753--760}
}

@InProceedings{kromann-2003,
  author      = {Matthias T. Kromann},
  title       = {The {Danish} {D}ependency {T}reebank and the Underlying Linguistic Theory},
  booktitle   = {Proceedings of the Second Workshop on Treebanks and
                  Linguistic Theories},
  year        = 2003,
  editor      = {Joakim Nivre and Erhard Hinrichs},
  institution = {V{\"a}xj{\"o} University Press},
}

@PhdThesis{buchkromann-2006,
  author      = {Matthias Buch-Kromann},
  title       = {Discontinuous Grammar. A Model of Human Parsing and Language},
  school      = {Copenhagen Business School},
  year        = 2006,
  type        = {Dr.ling.merc. dissertation},
  url         = {http://www.id.cbs.dk/~mtk/thesis}
}

@InProceedings{mcdonald-pereira-2006,
  author      = {Ryan McDonald and Fernando Pereira},
  title       = {Online Learning of Approximate Dependency Parsing Algorithms},
  booktitle   = {Proceedings of EACL},
  year        = 2006,
  pages       = {81--88}
}

@Misc{LINKPARSER-2014,
  author      = {{OpenCog Project}},
  title       = {Link Grammar Parser},
  howpublished= {Available from \url{http://www.abisource.com/projects/link-grammar/}},
  month       = {April},
  year        = 2014
}

@InCollection{eisner-2000-iwptbook,
  author      = "Jason Eisner",
  title       = "Bilexical Grammars and Their Cubic-Time Parsing
                Algorithms",
  booktitle   = "Advances in Probabilistic and Other Parsing
                Technologies",
  publisher   = "Kluwer Academic Publishers",
  pages       = "29--62",
  year        = "2000",
  month       = oct,
  editor      = "Harry Bunt and Anton Nijholt",
}

@inproceedings{ravi2009,
  author      = {Ravi, Sujith and Knight, Kevin},  
  title       = {Minimized models for unsupervised part-of-speech tagging},
  booktitle   = {Proceedings of the Joint Conference of the 47th Annual Meeting of the ACL and the 4th International Joint Conference on Natural Language Processing of the AFNLP: Volume 1-Volume 1},
  pages       = {504--512},
  year        = {2009},
  organization= {Association for Computational Linguistics}
}

@Misc{russiancorpus,
  key         = {Russian National Corpus},
  title       = {Russian National Corpus},
  howpublished= {Available from \url{http://ruscorpora.ru/en}},
  month       = {April},
  year        = 2014
}


@Misc{sharedtaskMT,
  key         = {Shared Task: Machine Translation},
  title       = {Shared Task: Machine Translation},
  howpublished= {Available from \url{http://www.statmt.org/wmt13/translation-task.html}},
  month       = {May},
  year        = {2014}
}


@InProceedings{CONLL-SHARED-2007,
  author    = {Nivre, Joakim  and  Hall, Johan  and  K\"ubler, Sandra  and  McDonald, Ryan  and  Nilsson, Jens  and  Riedel, Sebastian  and  Yuret, Deniz},
  year      = 2007,
  title     = {The {CoNLL} 2007 Shared Task on Dependency Parsing},
  booktitle = {Proceedings of the CoNLL Shared Task Session of EMNLP-CoNLL 2007},
  pages     = {915--932},
}

@Article{TREEBANK-1993,
  author =       "Mitchell Marcus and Beatrice Santorini and 
                  Mary Ann Marcinkiewicz",
  title =        "Building a Large Annotated Corpus of {E}nglish: The {P}enn {T}reebank",
  journal =      "Computational Linguistics",
  year =         1993,
  volume =       19,
  number =       2,
  pages =        "313--330",
}


@InProceedings{kuhlmann-nivre-2006,
  author = 	 {Marco Kuhlmann and Joakim Nivre},
  title = 	 {Mildly Non-Projective Dependency Structures},
  booktitle = 	 {Proceedings of COLING-ACL},
  year = 	 2006,
  pages = 	 {507--514},
  address = 	 {Sydney}}



@InProceedings{demarneffe-manning-2008,
  author = 	 {de Marneffe, Marie-Catherine and Christopher
                  D. Manning},
  title = 	 {The Stanford Typed Dependencies Representation},
  booktitle = 	 {Proceedings of the Workshop on Cross-Framework and Cross-Domain
                  Parser Evaluation},
  year = 	 2008,
  pages = 	 {1--8},
  address = 	 {Manchester}}

@InProceedings{ivanova-et-al-2012,
  author = 	 {Angelina Ivanova and Stephan Oepen and Lilja {\O}vrelid and Dan Flickinger},
  title = 	 {Who Did What to Whom? {A} Contrastive Study of Syntacto-Semantic Dependencies},
  booktitle = 	 {Proceedings of the 6th Linguistic Annotation Workshop},
  year = 	 2012,
  pages = 	 {2--11},
  address = 	 {Jeju, Korea}}


. 2013.  In
Proc. of the Linguistic Annota-
tion Workshop and Interoperability with Discourse


@InProceedings{AMR-2013,
  author = 	 {Laura Banarescu and Claire Bonial and Shu Cai and
                  Madalina Georgescu and Kira Griffitt and Ulf
                  Hermjakob and Kevin Knight and Philipp Koehn and
                  Martha Palmer and Nathan Schneider},
  title = 	 {Abstract Meaning Representation for Sembanking},
  booktitle = 	 {Proceedings of the Linguistic Annotation Workshop and Interoperability with Discourse},
  year = 	 2013}


@InProceedings{oepen-et-al-2014,
  author    = {Oepen, Stephan  and  Kuhlmann, Marco  and  Miyao, Yusuke  and  Zeman, Daniel  and  Flickinger, Dan  and  Hajic, Jan  and  Ivanova, Angelina  and  Zhang, Yi},
  title     = {SemEval 2014 Task 8: Broad-Coverage Semantic Dependency Parsing},
  booktitle = {Proceedings of the 8th International Workshop on Semantic Evaluation},
  month     = {August},
  year      = {2014},
  address   = {Dublin},
  pages     = {63--72},
}

@InProceedings{matsuzaki-et-al-2005,
  author    = {Matsuzaki, Takuya  and  Miyao, Yusuke  and  Tsujii, Jun'ichi},
  title     = {Probabilistic {CFG} with Latent Annotations},
  booktitle = {Proc. of ACL},
  month     = {June},
  year      = 2005,
  address   = {Ann Arbor, Michigan},
  pages     = {75--82},
}

@InProceedings{demarneffe-et-al-2013,
  author = 	 {Marie-Catherine de Marneffe and Miriam Connor and Natalia Silveira and Samuel
R. Bowman and Timothy Dozat and Christopher D. Manning},
  title = 	 {More Constructions, More Genres: Extending {S}tanford Dependencies},
  booktitle = 	 {Proceedings of the Second International Conference on
                  Dependency Linguistics},
  year = 	 2013,
  pages = 	 {187--196}}

