@TechReport{sleator-temperley-1991,
  author = 	 {Daniel Sleator and Davy Temperley},
  title = 	 {Parsing {E}nglish with a Link Grammar},
  institution =  {Carnegie Mellon University},
  year = 	 1991,
  type =	 {Computer Science Technical Report},
  number =	 {CMU-CS-91-196},
  month =	 {October},
  keywords =	 {link grammar},
}


% Thesis for Zimpl.
@PHDTHESIS{Koch2004,
  author      = "Thorsten Koch",
  title       = "Rapid Mathematical Programming",
  school      = "Technische {Universit\"at} Berlin",
  year        = "2004",
  url         = "http://opus4.kobv.de/opus4-zib/frontdoor/index/index/docId/834",
  note        = "ZIB-Report 04-58",
}   

% SCIP Optimization suite
@article{achterberg2009scip,
  title       = {{SCIP}: Solving Constraint Integer Programs},
  author      = {Achterberg, Tobias},
  journal     = {Mathematical Programming Computation},
  volume      = {1},
  number      = {1},
  pages       = {1--41},
  year        = {2009},
  publisher   = {Springer}
}

@article{gomezrodriguez-nivre-2013,
  author      = {Carlos G\'{o}mez-Rodr\'{i}guez and Joakim Nivre},
  title       = {Divisible Transition Systems and Multiplanar Dependency Parsing},
  journal     = {Computational Linguistics},
  number      = 4,
  pages       = {799--845},
  volume      = 39,
  year        = 2013
}

@InProceedings{sagae-tsujii-2008,
  author      = {Kenji Sagae and Jun'ichi Tsujii},
  title       = {Shift-Reduce Dependency {DAG} Parsing},
  booktitle   = {Proceedings of COLING},
  month       = {August},
  year        = {2008},
  address     = {Manchester, UK},
  pages       = {753--760}
}

@InProceedings{kromann-2003,
  author      = {Matthias T. Kromann},
  title       = {The {Danish} {D}ependency {T}reebank and the Underlying Linguistic Theory},
  booktitle   = {Proceedings of the Second Workshop on Treebanks and
                  Linguistic Theories},
  year        = 2003,
  editor      = {Joakim Nivre and Erhard Hinrichs},
  institution = {V{\"a}xj{\"o} University Press},
}

@PhdThesis{buchkromann-2006,
  author      = {Matthias Buch-Kromann},
  title       = {Discontinuous Grammar. A Model of Human Parsing and Language},
  school      = {Copenhagen Business School},
  year        = 2006,
  type        = {Dr.ling.merc. dissertation},
  url         = {http://www.id.cbs.dk/~mtk/thesis}
}

@InProceedings{mcdonald-pereira-2006,
  author      = {Ryan McDonald and Fernando Pereira},
  title       = {Online Learning of Approximate Dependency Parsing Algorithms},
  booktitle   = {Proceedings of EACL},
  year        = 2006,
  pages       = {81--88}
}

@Misc{LINKPARSER-2014,
  author      = {{OpenCog Project}},
  title       = {Link Grammar Parser},
  howpublished= {Available from \url{http://www.abisource.com/projects/link-grammar/}},
  month       = {April},
  year        = 2014
}

@InCollection{eisner-2000-iwptbook,
  author      = "Jason Eisner",
  title       = "Bilexical Grammars and Their Cubic-Time Parsing
                Algorithms",
  booktitle   = "Advances in Probabilistic and Other Parsing
                Technologies",
  publisher   = "Kluwer Academic Publishers",
  pages       = "29--62",
  year        = "2000",
  month       = oct,
  editor      = "Harry Bunt and Anton Nijholt",
}

@inproceedings{ravi2009,
  author      = {Ravi, Sujith and Knight, Kevin},  
  title       = {Minimized models for unsupervised part-of-speech tagging},
  booktitle   = {Proceedings of ACL-IJCNLP},
  pages       = {504--512},
  year        = {2009},
  organization= {Association for Computational Linguistics}
}

@Misc{russiancorpus,
  key         = {Russian National Corpus},
  title       = {Russian National Corpus},
  howpublished= {Available from \url{http://ruscorpora.ru/en}},
  month       = {April},
  year        = 2014
}


@Misc{sharedtaskMT,
  key         = {Shared Task: Machine Translation},
  title       = {Shared Task: Machine Translation},
  howpublished= {Available from \url{http://www.statmt.org/wmt13/translation-task.html}},
  month       = {May},
  year        = {2014}
}


@InProceedings{CONLL-SHARED-2007,
  author    = {Nivre, Joakim  and  Hall, Johan  and  K\"ubler, Sandra  and  McDonald, Ryan  and  Nilsson, Jens  and  Riedel, Sebastian  and  Yuret, Deniz},
  year      = 2007,
  title     = {The {CoNLL} 2007 Shared Task on Dependency Parsing},
  booktitle = {Proceedings of the CoNLL Shared Task Session of EMNLP-CoNLL 2007},
  pages     = {915--932},
}

@Article{TREEBANK-1993,
  author =       "Mitchell Marcus and Beatrice Santorini and 
                  Mary Ann Marcinkiewicz",
  title =        "Building a Large Annotated Corpus of {E}nglish: The {P}enn {T}reebank",
  journal =      "Computational Linguistics",
  year =         1993,
  volume =       19,
  number =       2,
  pages =        "313--330",
}


@InProceedings{kuhlmann-nivre-2006,
  author = 	 {Marco Kuhlmann and Joakim Nivre},
  title = 	 {Mildly Non-Projective Dependency Structures},
  booktitle = 	 {Proceedings of COLING-ACL},
  year = 	 2006,
  pages = 	 {507--514},
  address = 	 {Sydney}}



@InProceedings{demarneffe-manning-2008,
  author = 	 {de Marneffe, Marie-Catherine and Christopher
                  D. Manning},
  title = 	 {The {S}tanford Typed Dependencies Representation},
  booktitle = 	 {Proceedings of the Workshop on Cross-Framework and Cross-Domain
                  Parser Evaluation},
  year = 	 2008,
  pages = 	 {1--8},
  address = 	 {Manchester}}

@InProceedings{ivanova-et-al-2012,
  author = 	 {Angelina Ivanova and Stephan Oepen and Lilja {\O}vrelid and Dan Flickinger},
  title = 	 {Who Did What to Whom? {A} Contrastive Study of Syntacto-Semantic Dependencies},
  booktitle = 	 {Proceedings of the 6th Linguistic Annotation Workshop},
  year = 	 2012,
  pages = 	 {2--11},
  address = 	 {Jeju, Korea}}


. 2013.  In
Proc. of the Linguistic Annota-
tion Workshop and Interoperability with Discourse


@InProceedings{AMR-2013,
  author = 	 {Laura Banarescu and Claire Bonial and Shu Cai and
                  Madalina Georgescu and Kira Griffitt and Ulf
                  Hermjakob and Kevin Knight and Philipp Koehn and
                  Martha Palmer and Nathan Schneider},
  title = 	 {Abstract Meaning Representation for Sembanking},
  booktitle = 	 {Proceedings of the Linguistic Annotation Workshop and Interoperability with Discourse},
  year = 	 2013}


@InProceedings{oepen-et-al-2014,
  author    = {Oepen, Stephan  and  Kuhlmann, Marco  and  Miyao, Yusuke  and  Zeman, Daniel  and  Flickinger, Dan  and  Hajic, Jan  and  Ivanova, Angelina  and  Zhang, Yi},
  title     = {SemEval 2014 Task 8: Broad-Coverage Semantic Dependency Parsing},
  booktitle = {Proceedings of the 8th International Workshop on Semantic Evaluation},
  month     = {August},
  year      = {2014},
  address   = {Dublin},
  pages     = {63--72},
}

@InProceedings{matsuzaki-et-al-2005,
  author    = {Matsuzaki, Takuya  and  Miyao, Yusuke  and  Tsujii, Jun'ichi},
  title     = {Probabilistic {CFG} with Latent Annotations},
  booktitle = {Proc. of ACL},
  month     = {June},
  year      = 2005,
  address   = {Ann Arbor, Michigan},
  pages     = {75--82},
}

@InProceedings{demarneffe-et-al-2013,
  author = 	 {Marie-Catherine de Marneffe and Miriam Connor and Natalia Silveira and Samuel
R. Bowman and Timothy Dozat and Christopher D. Manning},
  title = 	 {More Constructions, More Genres: Extending {S}tanford Dependencies},
  booktitle = 	 {Proceedings of the Second International Conference on
                  Dependency Linguistics},
  year = 	 2013,
  pages = 	 {187--196}}

@InProceedings{nivre-2009,
  author    = {Nivre, Joakim},
  title     = {Non-Projective Dependency Parsing in Expected Linear Time},
  booktitle = {Proceedings of ACL-IJCNLP},
  month     = {August},
  year      = {2009},
  address   = {Singapore},
  pages     = {351--359}
}

@InProceedings{nivre-nilsson-2005,
  author    = {Nivre, Joakim  and  Nilsson, Jens},
  title     = {Pseudo-Projective Dependency Parsing},
  booktitle = {Proceedings of ACL},
  month     = {June},
  year      = {2005},
  address   = {Ann Arbor},
  pages     = {99--106}
}

@InProceedings{martins-et-al-2008,
  author    = {Martins, Andr\'{e} F. T.  and  Das, Dipanjan  and  Smith, Noah A.  and  Xing, Eric P.},
  title     = {Stacking Dependency Parsers},
  booktitle = {Proceedings of EMNLP},
  month     = {October},
  year      = {2008},
  address   = {Honolulu},
  pages     = {157--166},
}

@InProceedings{bohnet-2011,
  author = 	 {Bernd Bohnet},
  title = 	 {Comparing Advanced Graph-Based and Transition-Based Dependency Parsers},
  booktitle = 	 {Proceedings of the First International Conference on
                  Dependency Linguistics},
  year = 	 2011,
  pages = 	 {282--289}}

@Article{pitler-et-al-2013,
  author={Pitler, Emily and Kannan, Sampath and Marcus, Mitchell},
  title = 	 {Finding Optimal 1-Endpoint-Crossing Trees},
  journal = 	 {Transactions of the Association for Computational Linguistics},
  year = 	 2013,
  volume = 	 1,
  pages = {13--24}}

@Misc{nivre-slides,
  author = 	 {Joakim Nivre},
  title = 	 {Beyond {MaltParser}: Advances in Transition-Based
                  Dependency Parsing},
  howpublished = {Available at \url{http://stp.lingfil.uu.se/~nivre/docs/BeyondMaltParser.pdf}},
  note = 	 {Slides from invited talks}}

@InProceedings{martins-et-al-2013,
  author    = {Martins, Andre  and  Almeida, Miguel  and  Smith, Noah A.},
  title     = {Turning on the Turbo: Fast Third-Order Non-Projective Turbo Parsers},
  booktitle = {Proceedings of ACL},
  month     = {August},
  year      = {2013},
  address   = {Sofia, Bulgaria},
  pages     = {617--622},
}

@InProceedings{rush-petrov-2012,
  author    = {Alexander Rush and Slav Petrov},
  title     = {Vine Pruning for Efficient Multi-Pass Dependency Parsing},
  booktitle = {Proceedings of NAACL},
  month     = {June},
  year      = {2012},
  address   = {Montr\'{e}al, Canada},
  pages     = {498--507},
}

@Misc{LINK-1999,
  author = 	 {Davy Temperley},
  title = 	 {An Introduction to the Link Grammar Parser},
  howpublished = {Available at \url{http://www.link.cs.cmu.edu/link/dict/introduction.html}},
  month = 	 {March},
  year = 	 1999}



@Misc{vepstas-2014,
  author = 	 {Linus Vepstas},
  title = 	 {Re: WARNING: Combinatorial explosion},
  howpublished = {Message to the \texttt{link-grammar} Google
                  Group.  Available at \url{https://groups.google.com/forum/#!msg/link-grammar/eeJw1Ofgc9U/diqPYSwuFfoJ}},
  month = 	 {February},
  year = 	 2014}

@InProceedings{chen-li-zhang-2014,
  author    = {Chen, Wenliang  and  Li, Zhenghua  and  Zhang, Min},
  title     = {Dependency Parsing: Past, Present, and Future},
  booktitle = {Proceedings of COLING 2014: Tutorial Abstracts},
  month     = {August},
  year      = {2014},
  address   = {Dublin},
  pages     = {14--16},
  note      = {Tutorial slides available online.},
}

